<record><leader>00000cas a22000007a 4500</leader><controlfield tag="001">38846039</controlfield><controlfield tag="008">980325d19771988vauwr ne      0    0eng d</controlfield><datafield ind1=" " ind2=" " tag="010"><subfield code="a">sn 98068326 </subfield></datafield><datafield ind1=" " ind2=" " tag="040"><subfield code="a">NVK</subfield><subfield code="b">eng</subfield><subfield code="c">NVK</subfield><subfield code="d">OCLCQ</subfield><subfield code="d">OCLCF</subfield><subfield code="d">OCLCO</subfield></datafield><datafield ind1="1" ind2=" " tag="029"><subfield code="a">AU@</subfield><subfield code="b">000013908567</subfield></datafield><datafield ind1=" " ind2=" " tag="042"><subfield code="a">msc</subfield></datafield><datafield ind1="0" ind2=" " tag="130"><subfield code="a">Gazette (Goochland, Va.)</subfield></datafield><datafield ind1="0" ind2="4" tag="245"><subfield code="a">The Gazette.</subfield></datafield><datafield ind1="3" ind2=" " tag="246"><subfield code="a">Gazette, Goochland, ed.</subfield></datafield><datafield ind1=" " ind2=" " tag="250"><subfield code="a">Goochland, ed.</subfield></datafield><datafield ind1=" " ind2=" " tag="260"><subfield code="a">Manakin-Sabot, Va. :</subfield><subfield code="b">William Reed, III,</subfield><subfield code="c">1977-</subfield></datafield><datafield ind1=" " ind2=" " tag="300"><subfield code="a">v.</subfield></datafield><datafield ind1=" " ind2=" " tag="310"><subfield code="a">Weekly</subfield></datafield><datafield ind1="0" ind2=" " tag="362"><subfield code="a">Vol. 25, no. 41 (Oct. 13, 1977)- v.42, no. 18 (May 12, 1988).</subfield></datafield><datafield ind1=" " ind2="0" tag="651"><subfield code="a">Goochland County (Va.)</subfield><subfield code="v">Newspapers.</subfield></datafield><datafield ind1=" " ind2="0" tag="651"><subfield code="a">Manakin (Va.)</subfield><subfield code="v">Newspapers.</subfield></datafield><datafield ind1=" " ind2="7" tag="655"><subfield code="a">Newspapers.</subfield><subfield code="2">fast</subfield><subfield code="0">(OCoLC)fst01423814</subfield></datafield><datafield ind1=" " ind2="7" tag="651"><subfield code="a">Virginia</subfield><subfield code="z">Goochland County.</subfield><subfield code="2">fast</subfield><subfield code="0">(OCoLC)fst01209005</subfield></datafield><datafield ind1=" " ind2="7" tag="651"><subfield code="a">Virginia</subfield><subfield code="z">Manakin.</subfield><subfield code="2">fast</subfield><subfield code="0">(OCoLC)fst01233428</subfield></datafield><datafield ind1=" " ind2=" " tag="752"><subfield code="a">United States</subfield><subfield code="b">Virginia</subfield><subfield code="c">Goochland</subfield><subfield code="d">Manakin.</subfield></datafield><datafield ind1="0" ind2=" " tag="775"><subfield code="t">Gazette (Powhatan, Va.)</subfield><subfield code="w">(DLC)sn 98068319</subfield></datafield><datafield ind1="0" ind2=" " tag="775"><subfield code="t">Gazette (Chesterfield, Va.)</subfield><subfield code="w">83007681</subfield></datafield><datafield ind1="0" ind2="1" tag="780"><subfield code="t">Gazette of Goochland and Powhatan Counties</subfield><subfield code="w">(DLC)sn 98068335</subfield></datafield><datafield ind1="0" ind2="0" tag="785"><subfield code="t">Goochland Gazette (Goochland, Va. : 1988)</subfield><subfield code="w">(DLC)sn 98068340</subfield></datafield></record>